<?xml version="1.0" encoding="UTF-8"?><collection xmlns="http://www.loc.gov/MARC21/slim"><record><leader>00500nam--2200181-i-4500</leader><controlfield tag="001">000009249</controlfield><controlfield tag="002">20161230</controlfield><controlfield tag="005">20161230201028</controlfield><controlfield tag="008">060222s1000------------r-----000-0-eng-d</controlfield><datafield ind1=" " ind2=" " tag="040"><subfield code="a">IFIN-HH</subfield></datafield><datafield ind1=" " ind2=" " tag="080"><subfield code="a">539.2</subfield></datafield><datafield ind1=" " ind2="1" tag="100"><subfield code="a">Truell, Rohn</subfield></datafield><datafield ind1="1" ind2="0" tag="245"><subfield code="a">Ultrasonic methods in solid state physics</subfield><subfield code="c">Rohn truell, charles elbaum, bruce b. chick</subfield></datafield><datafield ind1=" " ind2=" " tag="260"><subfield code="a">New York</subfield><subfield code="b">Academic Press</subfield><subfield code="c">1969</subfield></datafield><datafield ind1=" " ind2=" " tag="300"><subfield code="a">XIV + 464 P</subfield></datafield><datafield ind1="1" ind2=" " tag="700"><subfield code="a">Chick, Bruce B</subfield></datafield><datafield ind1=" " ind2=" " tag="852"><subfield code="a">32715</subfield><subfield code="c">539.2</subfield></datafield><datafield ind1=" " ind2=" " tag="CAT"><subfield code="a">Sys</subfield><subfield code="c">20121017</subfield><subfield code="h">165446</subfield></datafield></record></collection>